@article{studyOfMTBInjuries,
  title={A prospective study of downhill mountain biking injuries},
  author={Johannes Becker},
   author={Armin Runer},
    author={Daniel Neunh√§userer},
	 author={Nora Frick},
	  author={Herbert Resch},
	   author={Philipp Moroder},
  journal={British journal of sports medicine},
  volume={47},
  number={458-462},
  pages={1},
  year={2013},
  publisher={group.bmj.com}
  
}}

